<collection xmlns="http://www.loc.gov/MARC21/slim">
   <record>
      <leader>03905cam a2200445 i 4500</leader>
      <controlfield tag="001">6677722</controlfield>
      <controlfield tag="003">FlBoTFG</controlfield>
      <controlfield tag="005">20140910124938.0</controlfield>
      <controlfield tag="006">m    ||  d |      </controlfield>
      <controlfield tag="007">cr |||</controlfield>
      <controlfield tag="008">140910t20152015fluad   ob    001 0 eng d</controlfield>
      <datafield ind1=" " ind2=" " tag="020">
         <subfield code="a">9781466567627 (e-book : PDF)</subfield>
      </datafield>
      <datafield ind1=" " ind2=" " tag="035">
         <subfield code="a">ocn889640602</subfield>
      </datafield>
      <datafield ind1=" " ind2=" " tag="039">
         <subfield code="a">exclude</subfield>
      </datafield>
      <datafield ind1=" " ind2=" " tag="040">
         <subfield code="a">FlBoTFG</subfield>
         <subfield code="b">eng</subfield>
         <subfield code="c">FlBoTFG</subfield>
         <subfield code="e">rda</subfield>
         <subfield code="d">AEU</subfield>
      </datafield>
      <datafield ind1=" " ind2="4" tag="050">
         <subfield code="a">RS189.5.C48</subfield>
         <subfield code="b">C66 2015</subfield>
      </datafield>
      <datafield ind1="0" ind2=" " tag="082">
         <subfield code="a">615.1</subfield>
         <subfield code="b">C778</subfield>
      </datafield>
      <datafield ind1=" " ind2=" " tag="090">
         <subfield code="a">Internet Access</subfield>
         <subfield code="b">AEU</subfield>
      </datafield>
      <datafield ind1="1" ind2=" " tag="100">
         <subfield code="a">Cooper, Raymond,</subfield>
         <subfield code="e">author.</subfield>
         <subfield code="0">http://id.loc.gov/authorities/names/n88194361</subfield>
         <subfield code="0">http://viaf.org/viaf/46843463</subfield>
      </datafield>
      <datafield ind1="1" ind2="0" tag="245">
         <subfield code="a">Natural products chemistry :</subfield>
         <subfield code="b">sources, separations, and structures /</subfield>
         <subfield code="c">Raymond Cooper, George Nicola.</subfield>
      </datafield>
      <datafield ind1=" " ind2="1" tag="264">
         <subfield code="a">Boca Raton :</subfield>
         <subfield code="b">CRC Press,</subfield>
         <subfield code="c">[2015]</subfield>
      </datafield>
      <datafield ind1=" " ind2="4" tag="264">
         <subfield code="c">©2015</subfield>
      </datafield>
      <datafield ind1=" " ind2=" " tag="300">
         <subfield code="a">1 online resource :</subfield>
         <subfield code="b">text file, PDF</subfield>
      </datafield>
      <datafield ind1=" " ind2=" " tag="336">
         <subfield code="a">text</subfield>
         <subfield code="2">rdacontent</subfield>
         <subfield code="0">http://id.loc.gov/vocabulary/contentTypes/txt</subfield>
      </datafield>
      <datafield ind1=" " ind2=" " tag="337">
         <subfield code="a">computer</subfield>
         <subfield code="2">rdamedia</subfield>
         <subfield code="0">http://id.loc.gov/vocabulary/mediaTypes/c</subfield>
      </datafield>
      <datafield ind1=" " ind2=" " tag="338">
         <subfield code="a">online resource</subfield>
         <subfield code="2">rdacarrier</subfield>
         <subfield code="0">http://id.loc.gov/vocabulary/carriers/cr</subfield>
      </datafield>
      <datafield ind1=" " ind2=" " tag="504">
         <subfield code="a">Includes bibliographical references and index.</subfield>
      </datafield>
      <datafield ind1="0" ind2=" " tag="505">
         <subfield code="a">section 1. Basics -- section 2. Selected classes of natural products -- section 3. Natural product contributions to human health -- section 4. Nature's pleasures and dangers.</subfield>
      </datafield>
      <datafield ind1=" " ind2=" " tag="506">
         <subfield code="a">Access restricted to authorized users and institutions.</subfield>
      </datafield>
      <datafield ind1=" " ind2=" " tag="520">
         <subfield code="a">"This impressive natural products book is intended as an introduction for undergraduates to natural products for the first time, and for students studying pharmacognosy and related fields who wish to broaden their understanding of the field. The book is not meant to be comprehensive, but rather an introductory text to natural products chemistry, and hence is broad rather than in-depth. It covers the major classes of natural product compounds and their sources. It is a preparatory text for more advanced studies on synthesis, biosynthesis, and mode of action studies. The authors have selected examples from marine life, plants, insects, and, importantly, actual examples taken from the pharmaceutical industry (e.g., anti-infective compounds), which are not always discussed or worked on in universities. Natural products have played a central role in advancing synthetic and biosynthetic chemistry, medicine, and our understanding of nature. The training of chemists and pharmacognocists in the area of microscale chromatographic purification and spectroscopy is ever increasing to tackle the challenging questions in bioorganic chemistry and molecular biology. Over the lifetime of this author, dramatic changes have taken place in our approaches for the isolation, structure determination, and mode of action studies of chemicals from nature: from isolation of large quantities to even nanogram quantities. It continues to be essential to properly train natural products chemists in the area of the analytical challenges in the field of botanical medicines (supplements), and to provide confidence to encounter ever-increasing new challenges to solve critical biological questions at the interface of bioorganic and molecular biology"--</subfield>
         <subfield code="c">Provided by publisher.</subfield>
      </datafield>
      <datafield ind1=" " ind2=" " tag="596">
         <subfield code="a">44</subfield>
      </datafield>
      <datafield ind1=" " ind2="0" tag="650">
         <subfield code="a">Chromatographic analysis.</subfield>
         <subfield code="0">http://id.loc.gov/authorities/subjects/sh85025334</subfield>
      </datafield>
      <datafield ind1=" " ind2="0" tag="650">
         <subfield code="a">Biological products</subfield>
         <subfield code="x">Separation.</subfield>
      </datafield>
      <datafield ind1=" " ind2="0" tag="650">
         <subfield code="a">Microbial metabolites</subfield>
         <subfield code="x">Separation.</subfield>
      </datafield>
      <datafield ind1="1" ind2=" " tag="700">
         <subfield code="a">Nicola, George</subfield>
         <subfield code="c">(Chemist),</subfield>
         <subfield code="e">author.</subfield>
         <subfield code="0">http://id.loc.gov/authorities/names/n2014027812</subfield>
         <subfield code="0">http://viaf.org/viaf/308752680</subfield>
      </datafield>
      <datafield ind1=" " ind2=" " tag="758">
         <subfield code="0">http://worldcat.org/entity/work/id/3188969</subfield>
      </datafield>
      <datafield ind1="0" ind2=" " tag="787">
         <subfield code="n">OCLC Work Id</subfield>
         <subfield code="o">http://worldcat.org/entity/work/id/3188969</subfield>
      </datafield>
      <datafield ind1="4" ind2="0" tag="856">
         <subfield code="3">University of Alberta Access</subfield>
         <subfield code="u">http://marc.crcnetbase.com/isbn/9781466567627</subfield>
         <subfield code="z">(Unlimited Concurrent Users)</subfield>
      </datafield>
      <datafield ind1=" " ind2=" " tag="949">
         <subfield code="h">UAIN</subfield>
         <subfield code="z">CRC</subfield>
      </datafield>
      <datafield ind1=" " ind2=" " tag="926">
         <subfield code="a">Internet Access</subfield>
         <subfield code="w">LC</subfield>
         <subfield code="c">1</subfield>
         <subfield code="i">6677722-1001</subfield>
         <subfield code="l">INTERNET</subfield>
         <subfield code="m">UAINTERNET</subfield>
         <subfield code="r">Y</subfield>
         <subfield code="s">Y</subfield>
         <subfield code="t">E-RESOURCE</subfield>
         <subfield code="u">9/15/2014</subfield>
         <subfield code="x">E-BOOK</subfield>
         <subfield code="z">CRC</subfield>
      </datafield>
   </record>
</collection>
